@article{Kapustin:2006pk,
    author = "Kapustin, Anton and Witten, Edward",
    title = "{Electric-Magnetic Duality And The Geometric Langlands Program}",
    eprint = "hep-th/0604151",
    archivePrefix = "arXiv",
    doi = "10.4310/CNTP.2007.v1.n1.a1",
    journal = "Commun. Num. Theor. Phys.",
    volume = "1",
    pages = "1--236",
    year = "2007"
}

@article{Kapustin:2009ygz,
    author = "Kapustin, A.",
    title = "{Gauge Theory, Mirror Symmetry, and the Geometric Langlands Program}",
    doi = "10.1007/978-3-540-68030-7_4",
    journal = "Lect. Notes Phys.",
    volume = "757",
    pages = "103--124",
    year = "2009"
}

@article{Witten:2008ep,
    author = "Witten, Edward",
    title = "{Mirror Symmetry, Hitchin's Equations, And Langlands Duality}",
    eprint = "0802.0999",
    archivePrefix = "arXiv",
    primaryClass = "math.RT",
    doi = "10.1093/acprof:oso/9780199534920.003.0007",
    month = "2",
    year = "2008"
}

@inproceedings{Frenkel:2005pa,
    author = "Frenkel, Edward",
    title = "{Lectures on the Langlands program and conformal field theory}",
    booktitle = "{Les Houches School of Physics: Frontiers in Number Theory, Physics and Geometry}",
    eprint = "hep-th/0512172",
    archivePrefix = "arXiv",
    doi = "10.1007/978-3-540-30308-4_11",
    pages = "387--533",
    year = "2007"
}