@article{Hori:2013ika,
    author = "Hori, Kentaro and Romo, Mauricio",
    title = "{Exact Results In Two-Dimensional (2,2) Supersymmetric Gauge Theories With Boundary}",
    eprint = "1308.2438",
    archivePrefix = "arXiv",
    primaryClass = "hep-th",
    month = "8",
    year = "2013"
}

@article{Knapp:2020oba,
    author = "Knapp, Johanna and Romo, Mauricio and Scheidegger, Emanuel",
    title = "{D-Brane Central Charge and Landau\textendash{}Ginzburg Orbifolds}",
    eprint = "2003.00182",
    archivePrefix = "arXiv",
    primaryClass = "hep-th",
    doi = "10.1007/s00220-021-04042-w",
    journal = "Commun. Math. Phys.",
    volume = "384",
    number = "1",
    pages = "609--697",
    year = "2021"
}

@article{Witten:1993yc,
    author = "Witten, Edward",
    editor = "Greene, B. and Yau, Shing-Tung",
    title = "{Phases of N=2 theories in two-dimensions}",
    eprint = "hep-th/9301042",
    archivePrefix = "arXiv",
    reportNumber = "IASSNS-HEP-93-3",
    doi = "10.1016/0550-3213(93)90033-L",
    journal = "Nucl. Phys. B",
    volume = "403",
    pages = "159--222",
    year = "1993"
}

@article{Hori:2006dk,
    author = "Hori, Kentaro and Tong, David",
    title = "{Aspects of Non-Abelian Gauge Dynamics in Two-Dimensional N=(2,2) Theories}",
    eprint = "hep-th/0609032",
    archivePrefix = "arXiv",
    doi = "10.1088/1126-6708/2007/05/079",
    journal = "JHEP",
    volume = "05",
    pages = "079",
    year = "2007"
}

@book{Hori:2003ic,
    author = "Hori, K. and Katz, S. and Klemm, A. and Pandharipande, R. and Thomas, R. and Vafa, C. and Vakil, R. and Zaslow, E.",
    title = "{Mirror symmetry}",
    publisher = "AMS",
    address = "Providence, USA",
    series = "Clay mathematics monographs",
    volume = "1",
    year = "2003"
}

@article{Hori:2000ck,
    author = "Hori, Kentaro and Iqbal, Amer and Vafa, Cumrun",
    title = "{D-branes and mirror symmetry}",
    eprint = "hep-th/0005247",
    archivePrefix = "arXiv",
    reportNumber = "HUTP-00-A017, MIT-CTP-2941",
    month = "5",
    year = "2000"
}

@article{Hori:2000kt,
    author = "Hori, Kentaro and Vafa, Cumrun",
    title = "{Mirror symmetry}",
    eprint = "hep-th/0002222",
    archivePrefix = "arXiv",
    reportNumber = "HUTP-00-A005",
    month = "2",
    year = "2000"
}

@article{Hori:2002,
    author = "Hori, Kentaro",
    title = "{Trieste Lectures On Mirror Symmetry}",
    month = "3",
    year = "2002"
}

@article{Hori:2016,
    author = "Hori, Kentaro",
    title = "{Komaba Lectures on Mirror Symmetry}",
    month = "6",
    year = "2016"
}

@book{Wess:1992cp,
    author = "Wess, J. and Bagger, J.",
    title = "{Supersymmetry and supergravity}",
    isbn = "978-0-691-02530-8",
    publisher = "Princeton University Press",
    address = "Princeton, NJ, USA",
    year = "1992"
}

@article{hori2014notes,
  title={Notes on the hemisphere},
  author={Hori, Kentaro and Romo, Mauricio},
  journal={Primitive Forms and Related Subjectsâ€”Kavli IPMU},
  pages={127--220},
  year={2014}
}