@article{Sei94,
    author = "Seiberg, N. and Witten, Edward",
    title = "{Electric-magnetic duality, monopole condensation, and confinement in $N=2$ supersymmetric Yang-Mills theory}",
    eprint = "hep-th/9407087",
    archivePrefix = "arXiv",
    reportNumber = "RU-94-52, IASSNS-HEP-94-43",
    doi = "10.1016/0550-3213(94)90124-4",
    journal = "Nucl. Phys. B",
    volume = "426",
    pages = "19--52",
    year = "1994",
    note = "[Erratum: Nucl.Phys.B 430, 485--486 (1994)]"
}

@article{Seiberg:1994aj,
    author = "Seiberg, N. and Witten, Edward",
    title = "{Monopoles, duality and chiral symmetry breaking in N=2 supersymmetric QCD}",
    eprint = "hep-th/9408099",
    archivePrefix = "arXiv",
    reportNumber = "RU-94-60, IASSNS-HEP-94-55",
    doi = "10.1016/0550-3213(94)90214-3",
    journal = "Nucl. Phys. B",
    volume = "431",
    pages = "484--550",
    year = "1994"
}

@article{Alv97,
    author = "Alvarez-Gaume, Luis and Hassan, S. F.",
    title = "{Introduction to S-duality in N=2 supersymmetric gauge theories: A Pedagogical review of the work of Seiberg and Witten}",
    eprint = "hep-th/9701069",
    archivePrefix = "arXiv",
    reportNumber = "CERN-TH-96-371",
    doi = "10.1002/prop.2190450302",
    journal = "Fortsch. Phys.",
    volume = "45",
    pages = "159--236",
    year = "1997"
}

@article{Pes97,
    author = "Peskin, Michael E.",
    title = "{Duality in supersymmetric Yang-Mills theory}",
    eprint = "hep-th/9702094",
    archivePrefix = "arXiv",
    reportNumber = "SLAC-PUB-7393",
    month = "2",
    year = "1997",
    url="https://arxiv.org/abs/hep-th/9702094"
}

@unpublished{Arg00,
    author = "Argyres, Philip C.",
    title = "{Non-perturbative dynamics of four-dimensional supersymmetric field theories}",
    url = "http://www.physics.uc.edu/~argyres/661/",
}

@article{Ler97,
    author = "Lerche, W.",
    editor = "Connes, A. and Gawedzki, K. and Zinn-Justin, Jean",
    title = "{Introduction to Seiberg-Witten theory and its stringy origin}",
    eprint = "hep-th/9611190",
    archivePrefix = "arXiv",
    reportNumber = "CERN-TH-96-332, CERN-TH/96-332",
    doi = "10.1016/S0920-5632(97)00073-X",
    journal = "Nucl. Phys. B Proc. Suppl.",
    volume = "55",
    pages = "83--117",
    year = "1997"
}

@book{Tac15,
    author = "Tachikawa, Yuji",
    title = "{$N=2$ supersymmetric dynamics for pedestrians}",
    eprint = "1312.2684",
    archivePrefix = "arXiv",
    primaryClass = "hep-th",
    reportNumber = "UT-13-42, IPMU-13-0234",
    doi = "10.1007/978-3-319-08822-8",
    month = "12",
    year = "2013"
}

@book{Ter05,
    author = "Terning, J.",
    title = "{Modern supersymmetry: Dynamics and duality}",
    doi = "10.1093/acprof:oso/9780198567639.001.0001",
    year = "2006"
}

@article{Mar20,
    author = "Martone, Mario",
    title = "{The constraining power of Coulomb Branch Geometry: lectures on Seiberg-Witten theory}",
    eprint = "2006.14038",
    archivePrefix = "arXiv",
    primaryClass = "hep-th",
    month = "6",
    year = "2020",
    url="https://arxiv.org/abs/2006.14038"
}

@article{NSVZ1,
    author = "Novikov, V. A. and Shifman, Mikhail A. and Vainshtein, A. I. and Zakharov, Valentin I.",
    title = "{Exact Gell-Mann-Low Function of Supersymmetric Yang-Mills Theories from Instanton Calculus}",
    reportNumber = "ITEP-89-1983",
    doi = "10.1016/0550-3213(83)90338-3",
    journal = "Nucl. Phys. B",
    volume = "229",
    pages = "381--393",
    year = "1983"
}

@article{NSVZ2,
    author = "Novikov, V. A. and Shifman, Mikhail A. and Vainshtein, A. I. and Zakharov, Valentin I.",
    title = "{The beta function in supersymmetric gauge theories. Instantons versus traditional approach}",
    reportNumber = "ITEP-75-1985",
    doi = "10.1016/0370-2693(86)90810-5",
    journal = "Phys. Lett. B",
    volume = "166",
    pages = "329--333",
    year = "1986"
}

@article{Gorsky:1995zq,
    author = "Gorsky, A. and Krichever, I. and Marshakov, A. and Mironov, A. and Morozov, A.",
    title = "{Integrability and Seiberg-Witten exact solution}",
    eprint = "hep-th/9505035",
    archivePrefix = "arXiv",
    reportNumber = "UUITP-6-95, ITEP-M3-95, FIAN-TD-9-95",
    doi = "10.1016/0370-2693(95)00723-X",
    journal = "Phys. Lett. B",
    volume = "355",
    pages = "466--474",
    year = "1995"
}

@article{Martinec:1995by,
    author = "Martinec, Emil J. and Warner, Nicholas P.",
    title = "{Integrable systems and supersymmetric gauge theory}",
    eprint = "hep-th/9509161",
    archivePrefix = "arXiv",
    reportNumber = "EFI-95-61, USC-95-025",
    doi = "10.1016/0550-3213(95)00588-9",
    journal = "Nucl. Phys. B",
    volume = "459",
    pages = "97--112",
    year = "1996"
}

@article{Witten:1997sc,
    author = "Witten, Edward",
    title = "{Solutions of four-dimensional field theories via M theory}",
    eprint = "hep-th/9703166",
    archivePrefix = "arXiv",
    reportNumber = "IASSNS-HEP-97-19",
    doi = "10.1016/S0550-3213(97)00416-1",
    journal = "Nucl. Phys. B",
    volume = "500",
    pages = "3--42",
    year = "1997"
}

@article{Gorsky:2018ivr,
    author = "Gorsky, A.",
    title = "{The Toda system and solution to the $N = 2$ SUSY Yang-Mills theory}",
    eprint = "1805.08617",
    archivePrefix = "arXiv",
    primaryClass = "hep-th",
    doi = "10.1088/1751-8121/aac399",
    journal = "J. Phys. A",
    volume = "51",
    number = "30",
    pages = "303001",
    year = "2018"
}

@article{Chan:1999gj,
    author = "Chan, Gordon and D'Hoker, Eric",
    title = "{Instanton recursion relations for the effective prepotential in N=2 superYang-Mills}",
    eprint = "hep-th/9906193",
    archivePrefix = "arXiv",
    reportNumber = "UCLA-99-TEP-22",
    doi = "10.1016/S0550-3213(99)00638-0",
    journal = "Nucl. Phys. B",
    volume = "564",
    pages = "503--516",
    year = "2000"
}

@article{Matone:1995rx,
    author = "Matone, Marco",
    title = "{Instantons and recursion relations in $N=2$ SUSY gauge theory}",
    eprint = "hep-th/9506102",
    archivePrefix = "arXiv",
    reportNumber = "DFPD-95-TH-25A",
    doi = "10.1016/0370-2693(95)00920-G",
    journal = "Phys. Lett. B",
    volume = "357",
    pages = "342--348",
    year = "1995"
}

@article{Nekrasov:2002qd,
    author = "Nekrasov, Nikita A.",
    title = "{Seiberg-Witten prepotential from instanton counting}",
    eprint = "hep-th/0206161",
    archivePrefix = "arXiv",
    reportNumber = "ITEP-TH-22-02, IHES-P-04-22",
    doi = "10.4310/ATMP.2003.v7.n5.a4",
    journal = "Adv. Theor. Math. Phys.",
    volume = "7",
    number = "5",
    pages = "831--864",
    year = "2003"
}

@article{Okounkov:2006wj,
    author = "Okounkov, Andrei",
    title = "{Random partitions and instanton counting}",
    eprint = "math-ph/0601062",
    archivePrefix = "arXiv",
    month = "1",
    year = "2006"
}

@article{Nakajima:2003pg,
    author = "Nakajima, Hiraku and Yoshioka, Kota",
    title = "{Instanton counting on blowup. 1.}",
    eprint = "math/0306198",
    archivePrefix = "arXiv",
    doi = "10.1007/s00222-005-0444-1",
    journal = "Invent. Math.",
    volume = "162",
    pages = "313--355",
    year = "2005"
}

@article{Braverman:2004cr,
    author = "Braverman, Alexander and Etingof, Pavel",
    title = "{Instanton counting via affine Lie algebras II: From Whittaker vectors to the Seiberg-Witten prepotential}",
    eprint = "math/0409441",
    archivePrefix = "arXiv",
    month = "9",
    year = "2004"
}

@article{Argyres:1994xh,
    author = "Argyres, Philip C. and Faraggi, Alon E.",
    title = "{The vacuum structure and spectrum of $N=2$ supersymmetric $SU(n)$ gauge theory}",
    eprint = "hep-th/9411057",
    archivePrefix = "arXiv",
    reportNumber = "IASSNS-HEP-94-94",
    doi = "10.1103/PhysRevLett.74.3931",
    journal = "Phys. Rev. Lett.",
    volume = "74",
    pages = "3931--3934",
    year = "1995"
}

@article{Klemm:1994qs,
    author = "Klemm, A. and Lerche, W. and Yankielowicz, S. and Theisen, S.",
    title = "{Simple singularities and $N=2$ supersymmetric Yang-Mills theory}",
    eprint = "hep-th/9411048",
    archivePrefix = "arXiv",
    reportNumber = "CERN-TH-7495-94, LMU-TPW-94-16",
    doi = "10.1016/0370-2693(94)01516-F",
    journal = "Phys. Lett. B",
    volume = "344",
    pages = "169--175",
    year = "1995"
}

@article{DHoker:1996pva,
    author = "D'Hoker, Eric and Krichever, I. M. and Phong, D. H.",
    title = "{The Effective prepotential of $N=2$ supersymmetric $SU(N_c)$ gauge theories}",
    eprint = "hep-th/9609041",
    archivePrefix = "arXiv",
    reportNumber = "UCLA-96-TEP-28",
    doi = "10.1016/S0550-3213(97)00035-7",
    journal = "Nucl. Phys. B",
    volume = "489",
    pages = "179--210",
    year = "1997"
}

@article{Eguchi:1995jh,
    author = "Eguchi, Tohru and Yang, Sung-Kil",
    title = "{Prepotentials of $N=2$ supersymmetric gauge theories and soliton equations}",
    eprint = "hep-th/9510183",
    archivePrefix = "arXiv",
    reportNumber = "UT-728",
    doi = "10.1142/S0217732396000151",
    journal = "Mod. Phys. Lett. A",
    volume = "11",
    pages = "131--138",
    year = "1996"
}

@article{Sonnenschein:1995hv,
    author = "Sonnenschein, J. and Theisen, S. and Yankielowicz, S.",
    title = "{On the relation between the holomorphic prepotential and the quantum moduli in SUSY gauge theories}",
    eprint = "hep-th/9510129",
    archivePrefix = "arXiv",
    reportNumber = "TAUP-2296-95, LMU-TPW-95-15",
    doi = "10.1016/0370-2693(95)01399-7",
    journal = "Phys. Lett. B",
    volume = "367",
    pages = "145--150",
    year = "1996"
}

@article{Moore:1997dj,
    author = "Moore, Gregory W. and Nekrasov, Nikita and Shatashvili, Samson",
    title = "{Integrating over Higgs branches}",
    eprint = "hep-th/9712241",
    archivePrefix = "arXiv",
    reportNumber = "ITEP-TH-62-97, HUTP-97-A089, YCTP-P23-97",
    doi = "10.1007/PL00005525",
    journal = "Commun. Math. Phys.",
    volume = "209",
    pages = "97--121",
    year = "2000"
}

@article{Benini:2013xpa,
    author = "Benini, Francesco and Eager, Richard and Hori, Kentaro and Tachikawa, Yuji",
    title = "{Elliptic Genera of 2d ${\mathcal{N}}$=2 Gauge Theories}",
    eprint = "1308.4896",
    archivePrefix = "arXiv",
    primaryClass = "hep-th",
    reportNumber = "IPMU-13-0146, UT-13-29",
    doi = "10.1007/s00220-014-2210-y",
    journal = "Commun. Math. Phys.",
    volume = "333",
    number = "3",
    pages = "1241--1286",
    year = "2015"
}

@article{Benini:2013nda,
    author = "Benini, Francesco and Eager, Richard and Hori, Kentaro and Tachikawa, Yuji",
    title = "{Elliptic genera of two-dimensional ${\mathcal{N}}$=2 gauge theories with rank-one gauge groups}",
    eprint = "1305.0533",
    archivePrefix = "arXiv",
    primaryClass = "hep-th",
    reportNumber = "IPMU-13-0082, UT-13-17",
    doi = "10.1007/s11005-013-0673-y",
    journal = "Lett. Math. Phys.",
    volume = "104",
    pages = "465--493",
    year = "2014"
}

@article{Nakajima:2016qkb,
    author = "Nakajima, Hiraku and Yoshioka, Kota",
    title = "{Lectures on instanton counting}",
    eprint = "math/0311058",
    archivePrefix = "arXiv",
    primaryClass = "math.RT",
    month = "4",
    year = "2003"
}

@article{Nakamura:2015zsa,
    author = "Nakamura, Satoshi",
    title = "{On the Jeffrey-Kirwan residue of BCD-instantons}",
    eprint = "1502.04188",
    archivePrefix = "arXiv",
    primaryClass = "hep-th",
    reportNumber = "UT-15-04",
    doi = "10.1093/ptep/ptv085",
    journal = "PTEP",
    volume = "2015",
    number = "7",
    pages = "073B02",
    year = "2015"
}

@article{Nawata:2021dlk,
    author = "Nawata, Satoshi and Zhu, Rui-Dong",
    title = "{Instanton counting and O-vertex}",
    eprint = "2107.03656",
    archivePrefix = "arXiv",
    primaryClass = "hep-th",
    doi = "10.1007/JHEP09(2021)190",
    journal = "JHEP",
    volume = "09",
    pages = "190",
    year = "2021"
}

@article{Nekrasov:2004vw,
    author = "Nekrasov, Nikita and Shadchin, Sergey",
    title = "{ABCD of instantons}",
    eprint = "hep-th/0404225",
    archivePrefix = "arXiv",
    reportNumber = "IHES-P-04-19, ITEP-TH-17-04",
    doi = "10.1007/s00220-004-1189-1",
    journal = "Commun. Math. Phys.",
    volume = "252",
    pages = "359--391",
    year = "2004"
}

@article{Kim:2012gu,
    author = "Kim, Hee-Cheol and Kim, Sung-Soo and Lee, Kimyeong",
    title = "{5-dim Superconformal Index with Enhanced En Global Symmetry}",
    eprint = "1206.6781",
    archivePrefix = "arXiv",
    primaryClass = "hep-th",
    reportNumber = "KIAS-P12033",
    doi = "10.1007/JHEP10(2012)142",
    journal = "JHEP",
    volume = "10",
    pages = "142",
    year = "2012"
}